@misc{ScalaNat38:online,
author = {},
title = {Scala Native — Scala Native 0.4.5-SNAPSHOT documentation},
howpublished = {\url{https://scala-native.readthedocs.io/en/latest/}},
month = {},
year = {},
note = {(Accessed on 05/22/2022)}
}
@misc{KotlinMu12:online,
author = {},
title = {Kotlin Multiplatform | Kotlin},
howpublished = {\url{https://kotlinlang.org/docs/multiplatform.html}},
month = {},
year = {},
note = {(Accessed on 05/22/2022)}
}
@misc{Showcase57:online,
author = {},
title = {Showcase - Flutter apps in production},
howpublished = {\url{https://flutter.dev/showcase}},
month = {},
year = {},
note = {(Accessed on 05/22/2022)}
}

@misc{ReactNat54:online,
author = {},
title = {React Native · Learn once, write anywhere},
howpublished = {\url{https://reactnative.dev/}},
month = {},
year = {},
note = {(Accessed on 05/22/2022)}
}

@misc{Scalajs34:online,
author = {},
title = {Scala.js},
howpublished = {\url{https://www.scala-js.org/}},
month = {},
year = {},
note = {(Accessed on 05/22/2022)}
}

@article{https://doi.org/10.5075/epfl-thesis-8733,
  doi = {10.5075/EPFL-THESIS-8733},
  url = {http://infoscience.epfl.ch/record/256862},
  author = {Doeraene,  Sébastien Jean R},
  language = {en},
  title = {Cross-Platform Language Design},
  publisher = {Lausanne,  EPFL},
  year = {2018}
}

@article{schranz2020swarm,
  title={Swarm robotic behaviors and current applications},
  author={Schranz, Melanie and Umlauft, Martina and Sende, Micha and Elmenreich, Wilfried},
  journal={Frontiers in Robotics and AI},
  volume={7},
  pages={36},
  year={2020},
  publisher={Frontiers Media SA}
}

@article{varenne2015programming,
  title={Programming the emergence in morphogenetically architected complex systems},
  author={Varenne, Franck and Chaigneau, Pierre and Petitot, Jean and Doursat, Ren{\'e}},
  journal={Acta biotheoretica},
  volume={63},
  pages={295--308},
  year={2015},
  publisher={Springer}
}

@article{Mone2013,
  %doi = {10.1145/2428556.2428562},
  %url = {https://doi.org/10.1145/2428556.2428562},
  year = {2013},
  month = mar,
  publisher = {Association for Computing Machinery ({ACM})},
  volume = {56},
  number = {3},
  pages = {16--17},
  author = {Gregory Mone},
  title = {Rise of the swarm},
  journal = {Communications of the {ACM}}
}

@inproceedings{viroli2018field,
  title={From field-based coordination to aggregate computing},
  author={Viroli, Mirko and Beal, Jacob and Damiani, Ferruccio and Audrito, Giorgio and Casadei, Roberto and Pianini, Danilo},
  booktitle={Coordination Models and Languages: 20th},
  pages={252--279},
  year={2018},
  organization={Springer}
}

@inproceedings{reynolds1987flocks,
  title={Flocks, herds and schools: A distributed behavioral model},
  author={Reynolds, Craig W},
  booktitle={Computer Graphics (Proceedings of ACM SIGGRAPH 87)},
  pages={25--34},
  year={1987}
}

@article{DBLP:journals/tcst/GuW09,
  author       = {Dongbing Gu and
                  Zongyao Wang},
  title        = {Leader-Follower Flocking: Algorithms and Experiments},
  journal      = {{IEEE} Trans. Control. Syst. Technol.},
  volume       = {17},
  number       = {5},
  pages        = {1211--1219},
  year         = {2009},
  url          = {https://doi.org/10.1109/TCST.2008.2009461},
  doi          = {10.1109/TCST.2008.2009461},
  timestamp    = {Mon, 08 Jun 2020 22:20:25 +0200},
  biburl       = {https://dblp.org/rec/journals/tcst/GuW09.bib},
  bibsource    = {dblp computer science bibliography, https://dblp.org}
}

@article{DBLP:journals/ras/OhSSJ17,
  author       = {Hyondong Oh and
                  Ataollah Ramezan Shirazi and
                  Chaoli Sun and
                  Yaochu Jin},
  title        = {Bio-inspired self-organising multi-robot pattern formation: {A} review},
  journal      = {Robotics Auton. Syst.},
  volume       = {91},
  pages        = {83--100},
  year         = {2017},
  url          = {https://doi.org/10.1016/j.robot.2016.12.006},
  doi          = {10.1016/j.robot.2016.12.006},
  timestamp    = {Mon, 24 Feb 2020 15:57:00 +0100},
  biburl       = {https://dblp.org/rec/journals/ras/OhSSJ17.bib},
  bibsource    = {dblp computer science bibliography, https://dblp.org}
}